@incollection{einstein1922kosmologische,
  title={Kosmologische Betrachtungen zur allgemeinen Relativit{\"a}ts-theorie},
  author={Einstein, Albert},
  booktitle={Das Relativit{\"a}tsprinzip},
  pages={130--139},
  year={1922},
  publisher={Springer}
}

@Misc{Wikipedia,
  title = 	 {Bienvenidos a Wikipedia (accedido el 3/3/2003)},
  howpublished = {https://es.wikipedia.org/wiki/Wikipedia:Portada}
}

